
@inproceedings{MBC.10,
TITLE = "{Solving the Continuous Time Multiagent Patrol Problem}",
YEAR = "2010",
AUTHOR = "Jean-Samuel Marier and Camille Besse and Brahim Chaib-draa",
BOOKTITLE = "Proc.~of 2010 IEEE Inter. Conf. on Robotics and Automation"
}

@inproceedings{DBRC.09,
TITLE = "{Bayesian Reinforcement Learning in POMDPs with Gaussian Processes}",
YEAR = "2009",
AUTHOR = "Patrick Dallaire and Camille Besse and Stéphane Ross and Brahim Chaib-draa",
BOOKTITLE = "Proc.~of the Inter. Conf. on Intelligent Robots and Systems",
}

@inproceedings{DBC.09,
TITLE = "{Learning Gaussian Process Models from Uncertain Data}",
YEAR = "2009",
AUTHOR = "Patrick Dallaire and Camille Besse and Brahim Chaib-draa",
PAGES = "433--440",
BOOKTITLE = "Proc.~of 16th Inter. Conf. On Neural Information Processing",
MONTH = "December"
}

@article{DBC.10,
TITLE = "{Approximate Inference of Latent Functions from Uncertain Data with Gaussian Processes}",
YEAR = "201X",
JOURNAL = "Neurocomputing",
AUTHOR = "Patrick Dallaire and Camille Besse and Brahim Chaib-draa",
PAGES = "To appear"
}

@inproceedings{MBC.09,
TITLE = "{A Markov Model for Multiagent Patrolling in Continuous Time}",
YEAR = "2009",
AUTHOR = "Jean-Samuel Marier and Camille Besse and Brahim Chaib-draa",
PAGES = "648--656",
BOOKTITLE = "Proc.~of 16th Inter. Conf. On Neural Information Processing",
MONTH = "December"
}
