@inproceedings{BPC.07,
  author =       "Camille Besse and Pierrick Plamondon and Brahim Chaib-draa ",
  title =        "{R-FRTDP. A Real-Time DP Algorithm with Tight Bounds for a Stochastic Resource Allocation Problem}",
  booktitle =    "Proc.~of the 20th Canadian Conf. on Artificial Intelligence",
  month =        "May",
  year =         "2007"
}

@inproceedings{BC.07,
  author =       "Camille Besse and Brahim Chaib-draa ",
  title =        "{An Efficient Model for Dynamic and Constrained Resource Allocation Problems}",
  booktitle =    "Proc.~of the 2nd Inter. Workshop on Constraint Satisfaction Techniques for Planning and Scheduling Problems",
  month =        "September",
  year =         "2007"
}

@inproceedings{BC.08,
  author =       "Camille Besse and Brahim Chaib-draa ",
  title =        "{Parallel Rollout for Online Solution of Dec-POMDP}",
  booktitle =    "Proc.~of 21st Inter. FLAIRS Conf.",
  month =        "May",
  year =         "2008"
}

@inproceedings{BC.09,
TITLE = "{Quasi-Deterministic Partially Observable Markov Decision Processes}",
YEAR = "2009",
AUTHOR = "Camille Besse and Brahim Chaib-draa",
PAGES = "237--246",
BOOKTITLE = "Proc.~of 16th Inter. Conf. On Neural Information Processing",
MONTH = "December"
}

@inproceedings{BC.10,
  author =       {Camille Besse and Brahim Chaib-draa},
  title =        {{Quasi-Deterministic POMDPs and Dec-POMDPs}},
  booktitle =    {Proc.~of 9th Inter. Conf. On Autonomous Agents and MultiAgent Systems (Extended Abstract)},
  month =        {May},
  year =         {2010},
  pages =        { }
}

@inproceedings{BC.10a,
  author =       {Camille Besse and Brahim Chaib-draa},
  title =        {{Quasi-Deterministic POMDPs and Dec-POMDPs}},
  booktitle =    {Proc.~of 5th Inter. Workshop On Multiagent Sequential Decision Making in Uncertain Domains},
  month =        {May},
  year =         {2010},
  pages =        { }
}
